<marcxml:record xmlns:marcxml="http://www.loc.gov/MARC21/slim" xmlns:mets="http://www.loc.gov/METS/" xmlns:bf="http://id.loc.gov/ontologies/bibframe/" xmlns:bflc="http://id.loc.gov/ontologies/bflc/" xmlns:madsrdf="http://www.loc.gov/mads/rdf/v1#" xmlns:rdf="http://www.w3.org/1999/02/22-rdf-syntax-ns#" xmlns:ri="http://id.loc.gov/ontologies/RecordInfo#" xmlns:idx="info:lc/xq-modules/lcindex" xmlns:semtriples="http://marklogic.com/semantic" xmlns:xsi="http://www.w3.org/2001/XMLSchema-instance" xmlns:xlink="http://www.w3.org/1999/xlink" xmlns:streams="info:lc/streams#">
  <marcxml:leader>03105cam a22003737a 4500</marcxml:leader>
  <marcxml:controlfield tag="001">15805962</marcxml:controlfield>
  <marcxml:controlfield tag="005">20150320151201.0</marcxml:controlfield>
  <marcxml:controlfield tag="008">090707s2009    gw a          001 0 eng d</marcxml:controlfield>
  <marcxml:datafield tag="906" ind1=" " ind2=" ">
    <marcxml:subfield code="a">7</marcxml:subfield>
    <marcxml:subfield code="b">cbc</marcxml:subfield>
    <marcxml:subfield code="c">copycat</marcxml:subfield>
    <marcxml:subfield code="d">w</marcxml:subfield>
    <marcxml:subfield code="e">epcn</marcxml:subfield>
    <marcxml:subfield code="f">20</marcxml:subfield>
    <marcxml:subfield code="g">y-gencatlg</marcxml:subfield>
  </marcxml:datafield>
  <marcxml:datafield tag="925" ind1="0" ind2=" ">
    <marcxml:subfield code="a">acquire</marcxml:subfield>
    <marcxml:subfield code="b">1 shelf copy</marcxml:subfield>
    <marcxml:subfield code="x">policy default</marcxml:subfield>
  </marcxml:datafield>
  <marcxml:datafield tag="925" ind1="1" ind2=" ">
    <marcxml:subfield code="a">acquire</marcxml:subfield>
    <marcxml:subfield code="b">2 shelf copies</marcxml:subfield>
    <marcxml:subfield code="x">policy default</marcxml:subfield>
  </marcxml:datafield>
  <marcxml:datafield tag="955" ind1=" " ind2=" ">
    <marcxml:subfield code="a">xh58 2013-05-10 OOS to USGEN/AR (class NB)</marcxml:subfield>
    <marcxml:subfield code="b">xh58 2013-05-10 z-processor</marcxml:subfield>
    <marcxml:subfield code="i">rc08 2013-05-15 to BCCD</marcxml:subfield>
  </marcxml:datafield>
  <marcxml:datafield tag="010" ind1=" " ind2=" ">
    <marcxml:subfield code="a">  2009932156</marcxml:subfield>
  </marcxml:datafield>
  <marcxml:datafield tag="015" ind1=" " ind2=" ">
    <marcxml:subfield code="2">bnb</marcxml:subfield>
    <marcxml:subfield code="a">GBA979934</marcxml:subfield>
  </marcxml:datafield>
  <marcxml:datafield tag="016" ind1="7" ind2=" ">
    <marcxml:subfield code="a">015347718</marcxml:subfield>
    <marcxml:subfield code="2">Uk</marcxml:subfield>
  </marcxml:datafield>
  <marcxml:datafield tag="020" ind1=" " ind2=" ">
    <marcxml:subfield code="a">9783791343389 (pbk.)</marcxml:subfield>
  </marcxml:datafield>
  <marcxml:datafield tag="020" ind1=" " ind2=" ">
    <marcxml:subfield code="a">3791343386 (pbk.)</marcxml:subfield>
  </marcxml:datafield>
  <marcxml:datafield tag="035" ind1=" " ind2=" ">
    <marcxml:subfield code="a">(OCoLC)ocn351307396</marcxml:subfield>
  </marcxml:datafield>
  <marcxml:datafield tag="040" ind1=" " ind2=" ">
    <marcxml:subfield code="a">UKM</marcxml:subfield>
    <marcxml:subfield code="c">UKM</marcxml:subfield>
    <marcxml:subfield code="d">BTCTA</marcxml:subfield>
    <marcxml:subfield code="d">OHX</marcxml:subfield>
    <marcxml:subfield code="d">BWX</marcxml:subfield>
    <marcxml:subfield code="d">JAO</marcxml:subfield>
    <marcxml:subfield code="d">OCLCQ</marcxml:subfield>
    <marcxml:subfield code="d">RRR</marcxml:subfield>
    <marcxml:subfield code="d">ZJI</marcxml:subfield>
    <marcxml:subfield code="d">UKMGB</marcxml:subfield>
    <marcxml:subfield code="d">VP@</marcxml:subfield>
    <marcxml:subfield code="d">BDX</marcxml:subfield>
    <marcxml:subfield code="d">JOY</marcxml:subfield>
    <marcxml:subfield code="d">DLC</marcxml:subfield>
  </marcxml:datafield>
  <marcxml:datafield tag="042" ind1=" " ind2=" ">
    <marcxml:subfield code="a">lccopycat</marcxml:subfield>
  </marcxml:datafield>
  <marcxml:datafield tag="050" ind1="0" ind2="0">
    <marcxml:subfield code="a">NB1142</marcxml:subfield>
    <marcxml:subfield code="b">A13 2009</marcxml:subfield>
  </marcxml:datafield>
  <marcxml:datafield tag="082" ind1="0" ind2="4">
    <marcxml:subfield code="a">730</marcxml:subfield>
    <marcxml:subfield code="2">22</marcxml:subfield>
  </marcxml:datafield>
  <marcxml:datafield tag="245" ind1="0" ind2="0">
    <marcxml:subfield code="a">50 sculptures you should know /</marcxml:subfield>
    <marcxml:subfield code="c">Isabel Kuhl ... [et al.].</marcxml:subfield>
  </marcxml:datafield>
  <marcxml:datafield tag="246" ind1="3" ind2=" ">
    <marcxml:subfield code="a">Fifty sculptures you should know</marcxml:subfield>
  </marcxml:datafield>
  <marcxml:datafield tag="260" ind1=" " ind2=" ">
    <marcxml:subfield code="a">Munich ;</marcxml:subfield>
    <marcxml:subfield code="a">New York :</marcxml:subfield>
    <marcxml:subfield code="b">Prestel,</marcxml:subfield>
    <marcxml:subfield code="c">c2009.</marcxml:subfield>
  </marcxml:datafield>
  <marcxml:datafield tag="300" ind1=" " ind2=" ">
    <marcxml:subfield code="a">157 p. :</marcxml:subfield>
    <marcxml:subfield code="b">ill. (some col.) ;</marcxml:subfield>
    <marcxml:subfield code="c">25 cm.</marcxml:subfield>
  </marcxml:datafield>
  <marcxml:datafield tag="500" ind1=" " ind2=" ">
    <marcxml:subfield code="a">Includes index.</marcxml:subfield>
  </marcxml:datafield>
  <marcxml:datafield tag="505" ind1="0" ind2=" ">
    <marcxml:subfield code="a">Discus Thrower -- The Korai of the Erectheion -- Apollo Belvedere -- Victory of Samothrace -- Pergamon Altar -- Venus de Milo -- Laocoön and his Sons -- Trajan's Column -- Equestrian Statue of Marcus Aurelius -- Equestrian Statuette of Charlemagne -- Gero Crucifixion -- The Golden Madonna -- St. Bernward Doors -- Rainer of Huy: Font -- Nicholas of Verdun: Shrine of the Three Kings -- Portal Figures at Chartres Cathedral -- Naumburg Master: Ekkehard and Uta -- Niccolò Pisano: Pulpit of the Baptistery in Pisa -- Peter Parler: Self-Portrait -- Claus Sluter: :Moses Fountain -- Lorenzo Ghiberti: Gates of Paradise -- Donatello: David -- Veit Stoss; St. Mary Altarpiece -- Tilman Riemenschneider: Holy Blood Altarpiece -- Michaelangelo: David -- Benvenuto Cellini: Salt Cellar -- Giambologna: Rape of the Sabines -- Gian Lorenzo Bernini: The Ecstacy of St. Theresa -- Egid Quirin Asam: High Altar in Rohr -- Franz Anton Bustelli: Commedia Dell'Arte Figures -- Jean-Antoine Houdon: Voltaire -- Antonio Canova: Cupid and Psyche -- Johann Gottfried Schadow: The Prussian Princess -- Auguste Rodin: Gates of Hell -- Edgar Degas: Little Dancer, Aged 14 -- Frédéric Auguste Bartholdi: Statue of Liberty -- Constantin Brancusi: The Kiss -- Marcel Duchamp: Bottle Rack -- Naum Gabo: Kinetic Construction -- Pablo Picasso: Bull's Head -- Henry Moore: King and Queen -- Alberto Giacometti: Man Striding -- Joseph Beuys: Fat Chair -- Claes Oldenburg: Giant Toothpaste Tube -- Alexander Calder; Mobile (Untitled) -- Niki de Saint Phalle: Tarot Garden -- Donald Judd; Untitled -- Antony Gormley: Angel of the North -- Richard Serra: The Matter of Time -- Louise Bourgeois: Maman.</marcxml:subfield>
  </marcxml:datafield>
  <marcxml:datafield tag="520" ind1=" " ind2=" ">
    <marcxml:subfield code="a">Features profiles of the most influential sculptures in history, accompanied by a timeline of notable events that happened in each sculptor's lifetime and reproductions of the masterpieces.</marcxml:subfield>
  </marcxml:datafield>
  <marcxml:datafield tag="650" ind1=" " ind2="0">
    <marcxml:subfield code="a">Sculpture.</marcxml:subfield>
  </marcxml:datafield>
  <marcxml:datafield tag="650" ind1=" " ind2="0">
    <marcxml:subfield code="a">Sculpture</marcxml:subfield>
    <marcxml:subfield code="x">History.</marcxml:subfield>
  </marcxml:datafield>
  <marcxml:datafield tag="650" ind1=" " ind2="7">
    <marcxml:subfield code="a">Sculpture.</marcxml:subfield>
    <marcxml:subfield code="2">sears</marcxml:subfield>
  </marcxml:datafield>
  <marcxml:datafield tag="650" ind1=" " ind2="7">
    <marcxml:subfield code="a">Sculptors.</marcxml:subfield>
    <marcxml:subfield code="2">sears</marcxml:subfield>
  </marcxml:datafield>
  <marcxml:datafield tag="700" ind1="1" ind2=" ">
    <marcxml:subfield code="a">Kühl, Isabel.</marcxml:subfield>
  </marcxml:datafield>
</marcxml:record>
